@book{robsbook,
  title = "Forecasting: Principles and Practice",
  author = "Rob Hyndman and G. Athanasopoulos",
  year = "2021",
  language = "English",
  publisher = "OTexts",
  address = "Australia",
  edition = "3rd",
  note = {Accessed on 14.03.2023},
  url = "OTexts.com/fpp3"
}

@article{utypo,
  author = {Walker, W. E. and Harremoes, P. and Rotmans, J and {Van Der Sluijs}, J. P. and {Van Asselt}, M. B. A. and Janssen, P and {Krayer Von Krauss}, M. P.},
  issn = {1389-5176},
  journal = {Integrated Assessment},
  keywords = {ignorance,integrated assessment,model-based decision support,policy analysis,risk assessment,uncertainty},
  number = {1},
  pages = {5--17},
  title = {{Defining Uncertainty}},
  url = {https://www.narcis.nl/publication/RecordID/oai:tudelft.nl:uuid:fdc0105c-e601-402a-8f16-ca97e9963592},
  volume = {4},
  year = {2003}
}
