@article{Hullman2020a,
  author = {Hullman, Jessica},
  doi = {10.1109/TVCG.2019.2934287},
  eprint = {1908.01697},
  issn = {19410506},
  journal = {IEEE Transactions on Visualization and Computer Graphics},
  keywords = {Uncertainty visualization,graphical statistical inference,visualization rhetoric},
  month = {jan},
  number = {1},
  pages = {130--139},
  pmid = {31425093},
  publisher = {IEEE Computer Society},
  title = {{Why Authors Don't Visualize Uncertainty}},
  volume = {26},
  year = {2020}
}

@article{Kay2016,
  author = {Kay, Matthew and Kola, Tara and Hullman, Jessica R. and Munson, Sean A.},
  doi = {10.1145/2858036.2858558},
  isbn = {9781450333627},
  journal = {Conference on Human Factors in Computing Systems - Proceedings},
  pages = {5092--5103},
  title = {{When (ish) is my bus? User-centered visualizations of uncertainty in everyday, mobile predictive systems}},
  year = {2016}
}

@article{Hoekstra2014,
  author = {Hoekstra, Rink and Morey, Richard D. and Rouder, Jeffrey N. and Wagenmakers, Eric Jan},
  doi = {10.3758/s13423-013-0572-3},
  issn = {15315320},
  journal = {Psychonomic Bulletin and Review},
  number = {5},
  pages = {1157--1164},
  pmid = {24420726},
  title = {{Robust misinterpretation of confidence intervals}},
  volume = {21},
  year = {2014}
}

@article{Bella2005,
  author = {Bella, Sarah and Fidler, Fiona and Williams, Jennifer and Cumming, Geoff},
  doi = {10.1037/1082-989X.10.4.389},
  issn = {1082989X},
  journal = {Psychological Methods},
  number = {4},
  pages = {389--396},
  pmid = {16392994},
  title = {{Researchers misunderstand confidence intervals and standard error bars}},
  volume = {10},
  year = {2005}
}

@article{Fernandes2018,
  author = {Fernandes, Michael and Walls, Logan and Munson, Sean and Hullman, Jessica and Kay, Matthew},
  doi = {10.1145/3173574.3173718},
  isbn = {9781450356206},
  journal = {Conference on Human Factors in Computing Systems - Proceedings},
  keywords = {Cumulative distribution plots,Dotplots,Mobile interfaces,Transit predictions,Uncertainty visualization},
  pages = {1--12},
  title = {{Uncertainty displays using quantile dotplots or CDFs improve transit decision-making}},
  volume = {2018-April},
  year = {2018}
}

@article{Erev_1990,
  title={Verbal versus numerical probabilities: Efficiency, biases, and the preference paradox☆},
  year={1990},
  author={Ido Erev and Brent L. Cohen},
  doi={10.1016/0749-5978(90)90002-q},
  mag_id={1964768680},
  journal={Organizational Behavior and Human Decision Processes}
}

@article{Olson_1997,
  title={Patterns of Preference for Numerical and Verbal Probabilities},
  year={1997},
  author={Michael J. Olson and David V. Budescu},
  doi={10.1002/(sici)1099-0771(199706)10:2<117::aid-bdm251>3.0.co;2-7},
  mag_id={1995638840},
  journal={Journal of Behavioral Decision Making}
}

@article{Hullman2015,
  author = {Hullman, Jessica and Resnick, Paul and Adar, Eytan},
  doi = {10.1371/journal.pone.0142444},
  issn = {19326203},
  journal = {PLoS ONE},
  month = {nov},
  number = {11},
  pmid = {26571487},
  publisher = {Public Library of Science},
  title = {{Hypothetical outcome plots outperform error bars and violin plots for inferences about reliability of variable ordering}},
  volume = {10},
  year = {2015}
}

@unpublished{Nathonours,
  author = {Tomasetti, Nathaniel and Cook, Dianne},
  title = {{Comparing the Power of Plot Designs to Reveal Correlation}},
  year = {2015},
  note={\url{https://github.com/dicook/lineplots_v_scatterplot/blob/master/Nat_Tomasettig_honours_thesis.pdf}}
}

@article{Grewal2021,
  author = {Grewal, Yashvir and Goodwin, Sarah and Dwyer, Tim},
  doi = {10.1109/PACIFICVIS52677.2021.00013},
  isbn = {9781665439312},
  issn = {21658773},
  journal = {IEEE Pacific Visualization Symposium},
  month = {apr},
  pages = {41--45},
  publisher = {IEEE Computer Society},
  title = {{Visualising Temporal Uncertainty: A Taxonomy and Call for Systematic Evaluation}},
  volume = {2021-April},
  year = {2021}
}

@article{North2006,
  author = {North, Chris},
  doi = {10.1109/MCG.2006.70},
  issn = {02721716},
  journal = {IEEE Computer Graphics and Applications},
  number = {3},
  pages = {6--9},
  pmid = {16711210},
  publisher = {IEEE},
  title = {{Toward measuring visualization insight}},
  volume = {26},
  year = {2006}
}


@article{Ancker2009,
  author = {Ancker, Jessica S. and Chan, Connie and Kukafka, Rita},
  doi = {10.1080/10810730903032960},
  issn = {10810730},
  journal = {Journal of Health Communication},
  month = {jul},
  number = {5},
  pages = {461--475},
  pmid = {19657926},
  title = {{Interactive graphics for expressing health risks: Development and qualitative evaluation}},
  volume = {14},
  year = {2009}
}

@article{Savelli2013,
  author = {Savelli, Sonia and Joslyn, Susan},
doi = {10.1002/acp.2932},
file = {:Users/hmas0003/Downloads/Applied Cognitive Psychology - 2013 - Savelli - The Advantages of Predictive Interval Forecasts for Non‐Expert Users and.pdf:pdf},
issn = {08884080},
journal = {Applied Cognitive Psychology},
mendeley-groups = {1. Psycology of Uncertainty},
number = {4},
pages = {527--541},
title = {{The advantages of predictive interval forecasts for non-expert users and the impact of visualizations}},
volume = {27},
year = {2013}
}

