@book{robsbook,
  title = "Forecasting: Principles and Practice",
  author = "Rob Hyndman and G. Athanasopoulos",
  year = "2021",
  language = "English",
  publisher = "OTexts",
  address = "Australia",
  edition = "3rd",
  url = OTexts.com/fpp3,
  note = {Accessed on 14.03.2023}
}
